\begin{document}
@misc{watkins_dayan, title={Q-learning}, url={https://link.springer.com/article/10.1007/BF00992698#citeas}, journal={SpringerLink}, publisher={Kluwer Academic Publishers}, author={Watkins, Christopher J. C. H. and Dayan, Peter}}
@article{DBLP:journals/corr/MnihKSGAWR13,
  author    = {Volodymyr Mnih and
               Koray Kavukcuoglu and
               David Silver and
               Alex Graves and
               Ioannis Antonoglou and
               Daan Wierstra and
               Martin A. Riedmiller},
  title     = {Playing Atari with Deep Reinforcement Learning},
  journal   = {CoRR},
  volume    = {abs/1312.5602},
  year      = {2013},
  url       = {http://arxiv.org/abs/1312.5602},
  archivePrefix = {arXiv},
  eprint    = {1312.5602},
  timestamp = {Mon, 13 Aug 2018 16:47:42 +0200},
  biburl    = {https://dblp.org/rec/bib/journals/corr/MnihKSGAWR13},
  bibsource = {dblp computer science bibliography, https://dblp.org}
}
@article{DBLP:journals/corr/WangFL15,
  author    = {Ziyu Wang and
               Nando de Freitas and
               Marc Lanctot},
  title     = {Dueling Network Architectures for Deep Reinforcement Learning},
  journal   = {CoRR},
  volume    = {abs/1511.06581},
  year      = {2015},
  url       = {http://arxiv.org/abs/1511.06581},
  archivePrefix = {arXiv},
  eprint    = {1511.06581},
  timestamp = {Mon, 13 Aug 2018 16:48:17 +0200},
  biburl    = {https://dblp.org/rec/bib/journals/corr/WangFL15},
  bibsource = {dblp computer science bibliography, https://dblp.org}
}
@article{DBLP:journals/corr/SchulmanWDRK17,
  author    = {John Schulman and
               Filip Wolski and
               Prafulla Dhariwal and
               Alec Radford and
               Oleg Klimov},
  title     = {Proximal Policy Optimization Algorithms},
  journal   = {CoRR},
  volume    = {abs/1707.06347},
  year      = {2017},
  url       = {http://arxiv.org/abs/1707.06347},
  archivePrefix = {arXiv},
  eprint    = {1707.06347},
  timestamp = {Mon, 13 Aug 2018 16:47:34 +0200},
  biburl    = {https://dblp.org/rec/bib/journals/corr/SchulmanWDRK17},
  bibsource = {dblp computer science bibliography, https://dblp.org}
}
@article{DBLP:journals/corr/LillicrapHPHETS15,
  author    = {Timothy P. Lillicrap and
               Jonathan J. Hunt and
               Alexander Pritzel and
               Nicolas Heess and
               Tom Erez and
               Yuval Tassa and
               David Silver and
               Daan Wierstra},
  title     = {Continuous control with deep reinforcement learning},
  journal   = {CoRR},
  volume    = {abs/1509.02971},
  year      = {2015},
  url       = {http://arxiv.org/abs/1509.02971},
  archivePrefix = {arXiv},
  eprint    = {1509.02971},
  timestamp = {Mon, 13 Aug 2018 16:46:11 +0200},
  biburl    = {https://dblp.org/rec/bib/journals/corr/LillicrapHPHETS15},
  bibsource = {dblp computer science bibliography, https://dblp.org}
}
@article{DBLP:journals/corr/MnihBMGLHSK16,
  author    = {Volodymyr Mnih and
               Adri{\`{a}} Puigdom{\`{e}}nech Badia and
               Mehdi Mirza and
               Alex Graves and
               Timothy P. Lillicrap and
               Tim Harley and
               David Silver and
               Koray Kavukcuoglu},
  title     = {Asynchronous Methods for Deep Reinforcement Learning},
  journal   = {CoRR},
  volume    = {abs/1602.01783},
  year      = {2016},
  url       = {http://arxiv.org/abs/1602.01783},
  archivePrefix = {arXiv},
  eprint    = {1602.01783},
  timestamp = {Mon, 13 Aug 2018 16:47:40 +0200},
  biburl    = {https://dblp.org/rec/bib/journals/corr/MnihBMGLHSK16},
  bibsource = {dblp computer science bibliography, https://dblp.org}
}
\end{document}